@UNPUBLISHED{christensen-2019:rebuilding,
	location = {Washington, D.C.},
	title = {Rebuilding {WiNDC}},
	url = {https://windc.wisc.edu/05282019_epa_windc_rebuild.pdf},
	note = {Environmental Protection Agency},
	author = {{Adam Christensen}},
	urldate = {2020-07-16},
	date = {2019-05-28},
}

@ARTICLE{rutherford-2019:tools,
	title = {Tools for Open Source, Subnational {CGE} Modeling with an Illustrative Analysis of Carbon Leakage},
	volume = {4},
	issn = {2377-2999},
	doi = {10.21642/JGEA.040201AF},
	pages = {1--66},
	number = {2},
	journal = {J Glob Econ Anal},
	author = {Rutherford, Thomas F. and Schreiber, Andrew},
	urldate = {2020-07-16},
	date = {2019-12-25},
}

@ARTICLE{bezanson-2017:julia,
author = {Bezanson, Jeff
    AND Edelman, Alan
    AND Karpinski, Stefan
    AND Shah, Viral B.},
title = {Julia: A Fresh Approach to Numerical Computing},
journal = {{SIAM Rev}},
  volume = {59},
  issue = {1},
  pages = {65--98},
  year  = {2017},
  month = {2},
doi = {10.1137/141000671},
}

@ONLINE{windc:datastream,
organization = {WiNDC},
title = {{Getting Started: WiNDC Data Stream}},
urldate = {2019-10-01},
url = {https://windc.wisc.edu/datastream.html}
}

@ONLINE{census-2017:county-map,
organization = {Census Bureau},
title = {{Counties by Metro/Micro Area Status: 2017}},
  year = {2017},
url = {https://www.census.gov/library/visualizations/2018/demo/2017-state-county-maps.html}
}

@ONLINE{census-2018:county-map,
organization = {Census Bureau},
title = {{Counties by Metro/Micro Area Status: 2018}},
  year = {2017},
url = {https://www.census.gov/library/visualizations/2019/demo/2018-state-county-maps.html}
}

@ARTICLE{brooke-1988:gams,
author = {Brooke, T.
    AND Kendrick, D.
    AND Meeraus, A.},
title = {{GAMS: A User's Guide}},
publisher = {The Scientific Press},
location = {Redwood City, CA},
  year  = {1998},
}

@ARTICLE{carson-2018:usrep-reeds,
author = {Carson, T.
    AND Cohen, S. M.
    AND Brown, M.
    AND Reilly, J. M.},
title = {{Exploring the Impacts of a National U.S. CO$_2$ Tax and Revenue Recycling Options with a Coupled Electricity-Economy Model}},
journal = {Clim Chang Econ},
  volume = {9},
  issue = {1},
  pages = {1840015},
  year = {2018},
doi = {10.1142/S2010007818400158}
}

@ARTICLE{rutherford-1999:mpsge,
author = {Rutherford, Thomas F.},
title = {{Applied General Equilibrium Modeling with MPSGE as a GAMS Subsystem: An Overview of the Modeling Framework and Syntax}},
journal = {Comput Econ},
  volume = {46},
  pages = {1--46},
  year  = {1999},
  month = {10},
doi = {10.1023/A:1008655831209}
}

@REPORT{cohen-2019:reeds,
author = {Cohen, Stuart
    AND Becker, J.
    AND Bielen, D
    AND Brown, M.
    AND Cole, W.
    AND Eurek, K.
    AND Frazier, W.
    AND Frew, B.
    AND Gagnon, P.
    AND Ho, J.
    AND Jadun, P.
    AND Mai, T.
    AND Mowers, M.
    AND Murphy, C.
    AND Reimers, A.
    AND Richards, J.
    AND Ryan, N.
    AND Spyrou, E.
    AND Steinberg, D.
    AND Sun, Y.
    AND Vincent, N.
    AND Zwerling, M.},
title = {{Regional Energy Deployment System (ReEDS) Model Documentation: Version 2018}},
institution = {National Renewable Energy Laboratory},
  location = {Golden, CO},
  number = {NREL/TP-6A20-72023},
  year  = {2019},
  month = {4},
url = {https://www.nrel.gov/docs/fy19osti/72023.pdf}
}

@ARTICLE{anderson-2013:sctg-codes,
author = {Anderson, M.
    AND Blanchard, L.
    AND Neppel, L.
    AND Khan, T.},
title = {{Validation of Disaggregate Methodologies for National Level Freight Data}},
journal = {Int J Traffic Transport Eng},
  volume = {2},
  issue = {3},
  pages = {51--54},
  year  = {2013},
doi = {10.5923/j.ijtte.20130203.05},
}

@ARTICLE{dunning-2017:jump,
author = {Dunning, I.
    AND Huchette, J.
    AND Lubin, M.},
title = {{JuMP: A Modeling Language for Mathematical Optimization}},
journal = {SIAM Review},
  volume = {59},
  number = {2},
  pages = {295-320},
  year = {2017},
doi = {10.1137/15M1020575},
}

@ARTICLE{muratori-2020:tempo,
author = {Muratori, M.
    AND Jadun, P.
    AND Bush, B.
    AND Bielen, D.
    AND Vimmerstedt, L.
    AND Gonder, J.
    AND Gearhart, C.
    AND Arent, D.},
title = {Future integrated mobility-energy systems: A modeling perspective},
journal = {Renew Sustain Energ Rev},
  volume = {119},
  pages = {109541},
  year = {2020},
doi = {doi.org/10.1016/j.rser.2019.109541}
}

%%%%%%%%%%%%%%%%%%%%%%%%%%
% SLIDE DATA
@ONLINE{data:bea:io,
organization = {BEA},
title = {{Input-Output Accounts Data}},
  year  = {2019},
  month = {10},
  day   = {29},
url = {https://www.bea.gov/industry/input-output-accounts-data}
}